<collection xmlns='http://www.loc.gov/MARC21/slim' xmlns:xsi='http://www.w3.org/2001/XMLSchema-instance' xsi:schemaLocation='http://www.loc.gov/standards/marcxml/schema/MARC21slim.xsd'>
  <record xmlns="http://www.loc.gov/MARC21/slim">
    <leader>00000ntm a2200000Ia 4500</leader>
    <controlfield tag="001">on1114306202</controlfield>
    <controlfield tag="008">190828s1845    xx p          000 0 syc d</controlfield>
    <datafield tag="040" ind1=" " ind2=" ">
      <subfield code="a">HVC</subfield>
      <subfield code="b">eng</subfield>
      <subfield code="e">amremm</subfield>
      <subfield code="c">HVC</subfield>
    </datafield>
    <datafield tag="035" ind1=" " ind2=" ">
      <subfield code="a">(PHC)9910189395853049</subfield>
    </datafield>
    <datafield tag="041" ind1="0" ind2=" ">
      <subfield code="a">syc</subfield>
      <subfield code="a">syr</subfield>
      <subfield code="a">ara</subfield>
    </datafield>
    <datafield tag="099" ind1=" " ind2=" ">
      <subfield code="a">Rendel Harris 49</subfield>
    </datafield>
    <datafield tag="049" ind1=" " ind2=" ">
      <subfield code="a">HVCC</subfield>
    </datafield>
    <datafield tag="100" ind1="0" ind2=" ">
      <subfield code="a">Jacob bar Shakkō,</subfield>
      <subfield code="d">-1241.</subfield>
    </datafield>
    <datafield tag="245" ind1="1" ind2="0">
      <subfield code="6">880-01</subfield>
      <subfield code="a">Mnāte men ktābā d-dayiʹlúgú šúʼālā w-púnāyā.</subfield>
    </datafield>
    <datafield tag="260" ind1=" " ind2=" ">
      <subfield code="c">1845.</subfield>
    </datafield>
    <datafield tag="300" ind1=" " ind2=" ">
      <subfield code="a">106, iii leaves :</subfield>
      <subfield code="b">paper, illuminations ;</subfield>
      <subfield code="c">160 x 112 (120 x 70) mm bound to 160 x 115 mm.</subfield>
    </datafield>
    <datafield tag="336" ind1=" " ind2=" ">
      <subfield code="a">text</subfield>
      <subfield code="b">txt</subfield>
      <subfield code="2">rdacontent</subfield>
    </datafield>
    <datafield tag="337" ind1=" " ind2=" ">
      <subfield code="a">unmediated</subfield>
      <subfield code="b">n</subfield>
      <subfield code="2">rdamedia</subfield>
    </datafield>
    <datafield tag="338" ind1=" " ind2=" ">
      <subfield code="a">volume</subfield>
      <subfield code="b">nc</subfield>
      <subfield code="2">rdacarrier</subfield>
    </datafield>
    <datafield tag="340" ind1=" " ind2=" ">
      <subfield code="d">manuscript</subfield>
    </datafield>
    <datafield tag="500" ind1=" " ind2=" ">
      <subfield code="a">Manuscript codex.</subfield>
    </datafield>
    <datafield tag="520" ind1=" " ind2=" ">
      <subfield code="a">Three works. Two collections of prayers, charms, medical recipes, and other useful instructions for everyday life written as several leaves in Syriac, followed by a larger selection in Arabic (fol. 1r-51r); begins abruptly. The final work, entirely in Syriac, is the Book of dialogues (fol. 53v-106v) which includes questions and answers on grammar and philosophical topics.</subfield>
    </datafield>
    <datafield tag="500" ind1=" " ind2=" ">
      <subfield code="a">Title for first work from colophon (f. 7v); title of second word from caption title (f. 53v).</subfield>
    </datafield>
    <datafield tag="546" ind1=" " ind2=" ">
      <subfield code="a">Syriac (</subfield>
      <subfield code="b">Serto) and Arabic.</subfield>
    </datafield>
    <datafield tag="505" ind1="0" ind2=" ">
      <subfield code="a">1. f. 1r-51r: Kúrāsā -- 2. f. 53v-106v: Mnāte men ktābā d-dayiʹlúgú šúʼālā w-púnāyā / Jacob bar Shakkō</subfield>
    </datafield>
    <datafield tag="500" ind1=" " ind2=" ">
      <subfield code="a">Foliation: Modern foliation in pencil added, upper left recto; catchwords every verso, lower left.</subfield>
    </datafield>
    <datafield tag="500" ind1=" " ind2=" ">
      <subfield code="a">Layout: 15 long lines.</subfield>
    </datafield>
    <datafield tag="500" ind1=" " ind2=" ">
      <subfield code="a">Script: Written in Syriac, Serto and Arabic in naskh in black ink.</subfield>
    </datafield>
    <datafield tag="500" ind1=" " ind2=" ">
      <subfield code="a">Decoration: Rubrications in red; marginal design added to f. 93v.</subfield>
    </datafield>
    <datafield tag="500" ind1=" " ind2=" ">
      <subfield code="a">Binding: Woven textile in olive green and white over pulpboard with checked and interlocking pointed oval designs.</subfield>
    </datafield>
    <datafield tag="500" ind1=" " ind2=" ">
      <subfield code="a">Origin: Copy completed in 1845 (f. 7v).</subfield>
    </datafield>
    <datafield tag="500" ind1=" " ind2=" ">
      <subfield code="a">Syriac cataloging assistance provided by Joshua Mugler.</subfield>
    </datafield>
    <datafield tag="561" ind1="1" ind2=" ">
      <subfield code="a">Formerly owned by J. Rendel Harris.</subfield>
    </datafield>
    <datafield tag="524" ind1=" " ind2=" ">
      <subfield code="a">Haverford College, Quaker &amp; Special Collections mss. RH 49</subfield>
    </datafield>
    <datafield tag="650" ind1=" " ind2="0">
      <subfield code="a">Syriac language</subfield>
      <subfield code="x">Grammar</subfield>
      <subfield code="v">Early works to 1800.</subfield>
    </datafield>
    <datafield tag="650" ind1=" " ind2="0">
      <subfield code="a">Syriac language</subfield>
      <subfield code="v">Texts</subfield>
      <subfield code="v">Early works to 1800.</subfield>
    </datafield>
    <datafield tag="650" ind1=" " ind2="0">
      <subfield code="a">Syriac literature</subfield>
      <subfield code="v">Early works to 1800.</subfield>
    </datafield>
    <datafield tag="655" ind1=" " ind2="7">
      <subfield code="a">Manuscripts (documents)</subfield>
      <subfield code="2">aat</subfield>
    </datafield>
    <datafield tag="655" ind1=" " ind2="7">
      <subfield code="a">Codices (bound manuscripts)</subfield>
      <subfield code="2">aat</subfield>
    </datafield>
    <datafield tag="655" ind1=" " ind2="0">
      <subfield code="a">Manuscripts, Syriac.</subfield>
    </datafield>
    <datafield tag="655" ind1=" " ind2="0">
      <subfield code="a">Manuscripts, Arabic.</subfield>
    </datafield>
    <datafield tag="655" ind1=" " ind2="0">
      <subfield code="a">Manuscripts, 19th century.</subfield>
    </datafield>
    <datafield tag="700" ind1="1" ind2=" ">
      <subfield code="a">Harris, J. Rendel</subfield>
      <subfield code="q">(James Rendel),</subfield>
      <subfield code="d">1852-1941,</subfield>
      <subfield code="e">former owner.</subfield>
    </datafield>
    <datafield tag="710" ind1="2" ind2=" ">
      <subfield code="a">J. Rendel Harris Collection (Quaker &amp; Special Collections, Haverford College).</subfield>
      <subfield code="5">PHC</subfield>
    </datafield>
    <datafield tag="740" ind1="0" ind2="2">
      <subfield code="6">880-02</subfield>
      <subfield code="a">Kúrāsā.</subfield>
    </datafield>
    <datafield tag="856" ind1="4" ind2="1">
      <subfield code="z">Digital facsimile in OPenn</subfield>
      <subfield code="u">http://openn.library.upenn.edu/Data/0006/html/harris_049.html</subfield>
    </datafield>
    <datafield tag="852" ind1=" " ind2=" ">
      <subfield code="b">Quaker and Special Collections, Rendel Harris</subfield>
	  <subfield code="a">Haverford College</subfield>
      <subfield code="e">Haverford</subfield>
      <subfield code="u">https://www.haverford.edu/library</subfield>
    </datafield>
    <datafield tag="880" ind1="1" ind2="0">
      <subfield code="6">245-01/r</subfield>
      <subfield code="a">ܡܢ̈ܬܐ ܡܢ ܟܬܒܐ ܕܕܝܐܠ̈ܘܓܘ ܫܘܐܠܐ ܘܦܘܢܝܐ.</subfield>
    </datafield>
    <datafield tag="880" ind1="0" ind2="2">
      <subfield code="6">740-02/r</subfield>
      <subfield code="a">ܟܘܪܣܐ.</subfield>
    </datafield>
    <datafield tag="066" ind1=" " ind2=" ">
      <subfield code="c">Syrc</subfield>
    </datafield>
  </record></collection>